@Book{xie2015,
  title = {Dynamic Documents with {R} and knitr},
  author = {Yihui Xie},
  publisher = {Chapman and Hall/CRC},
  address = {Boca Raton, Florida},
  year = {2015},
  edition = {2nd},
  note = {ISBN 978-1498716963},
  url = {http://yihui.name/knitr/},
}

@article{RN2750,
   author = {Stevens, T. M. and Parekh, V.},
   title = {Mammary Analogue Secretory Carcinoma},
   journal = {Arch Pathol Lab Med.},
   volume = {140},
   number = {9},
   pages = {997-1001. doi: 10.5858/arpa.2015-0075-RS.},
   ISSN = {1543-2165 (Electronic)
0003-9985 (Linking)},
   year = {2016},
   type = {Journal Article}
}

@article{RN5924,
   author = {Greener, J. G. and Kandathil, S. M. and Moffat, L. and Jones, D. T.},
   title = {A guide to machine learning for biologists},
   journal = {Nat Rev Mol Cell Biol},
   ISSN = {1471-0080 (Electronic)
1471-0072 (Linking)},
   DOI = {10.1038/s41580-021-00407-0},
   url = {https://www.ncbi.nlm.nih.gov/pubmed/34518686
https://www.nature.com/articles/s41580-021-00407-0},
   year = {2021},
   type = {Journal Article}
}

@article{RN5748,
   author = {McDonald, W. C. and McDonald, K. N. and Helmer, J. A. and Ho, B. and Wang, A. and Banerji, N.},
   title = {The Role of T-box Transcription Factor in a Pituitary Adenoma Diagnostic Algorithm},
   journal = {Arch Pathol Lab Med},
   volume = {145},
   number = {5},
   pages = {592-598},
   ISSN = {1543-2165 (Electronic)
0003-9985 (Linking)},
   DOI = {10.5858/arpa.2020-0091-OA},
   url = {https://www.ncbi.nlm.nih.gov/pubmed/32991684,
https://allen.silverchair-cdn.com/allen/content_public/journal/aplm/145/5/10.5858_arpa.2020-0091-oa/4/i1543-2165-145-5-592.pdf?Expires=1623183131&Signature=H1ca6wrdi8bhRoD89ot4alyI8c9GicWGANTs2epmjvTSa~1GkoObzj0qP9txUat5gq~hjbTpk2GFYE3khh0J5uJ2ASSy0iM0d-fXnxHYOEBnuvH19894sbqp8YFyEN~mXV1oSCNUB0HMWtiNRzhY6UrtthaQy2xWVOMjC611oEQltBsPmyfA3xf1BmkLtsBgTrbJi2nnPQGsTGmRvjxmESG2uiAtIwtH0~rcgu3H1gHyqBFBth2AxEPavACuaVOIe9QhDD8~5QobVmk6uwYvC69n8O79yaHnxND9~3OcOKWl8YZTSC~HodUqs6wY1O3qMUJAdelJVpRdSoUedgW02Q__&Key-Pair-Id=APKAIE5G5CRDK6RD3PGA},
   year = {2021},
   type = {Journal Article}
}

@book{RN5383,
   author = {James, G. and Witten, D. and Hastie, T. and Tibshirani, R.},
   title = {An Introduction to Statistical Learning with Applications in R},
   publisher = {Springer},
   address = {New York, NY},
   edition = {Second},
   series = {Springer Texts in Statistics},
   ISBN = {978-1-0716-1418-1},
   year = {2021},
   type = {Book}
}

